<record><leader>00000cas a22000007a 4500</leader><controlfield tag="001">9301787</controlfield><controlfield tag="008">830311d18311833mauwr ne      0    0eng d</controlfield><datafield ind1=" " ind2=" " tag="010"><subfield code="a">sn 83020221 </subfield></datafield><datafield ind1=" " ind2=" " tag="040"><subfield code="a">NPX</subfield><subfield code="b">eng</subfield><subfield code="c">NPX</subfield><subfield code="d">NPU</subfield><subfield code="d">DLC</subfield><subfield code="d">MGN</subfield><subfield code="d">OCLCQ</subfield></datafield><datafield ind1=" " ind2=" " tag="042"><subfield code="a">msc</subfield></datafield><datafield ind1=" " ind2=" " tag="043"><subfield code="a">n-us-ma</subfield></datafield><datafield ind1="0" ind2="0" tag="050"><subfield code="a">Newspaper 8160-X</subfield></datafield><datafield ind1="0" ind2="0" tag="245"><subfield code="a">Yeoman's gazette, mechanic's journal &amp; Middlesex advertiser.</subfield></datafield><datafield ind1="3" ind2="0" tag="246"><subfield code="a">Yoeman's gazette, mechanic's journal and Middlesex advertiser</subfield></datafield><datafield ind1="1" ind2="7" tag="246"><subfield code="a">Yeoman's gazette</subfield></datafield><datafield ind1=" " ind2=" " tag="260"><subfield code="a">Concord, Mass. :</subfield><subfield code="b">Herman Atwill,</subfield><subfield code="c">-1833.</subfield></datafield><datafield ind1=" " ind2=" " tag="300"><subfield code="a">v. ;</subfield><subfield code="c">52-56 cm.</subfield></datafield><datafield ind1=" " ind2=" " tag="310"><subfield code="a">Weekly</subfield></datafield><datafield ind1="1" ind2=" " tag="362"><subfield code="a">Began in Nov. 1831.</subfield></datafield><datafield ind1="0" ind2=" " tag="362"><subfield code="a">-v. 18, no. 13 (Feb. 9, 1833).</subfield></datafield><datafield ind1=" " ind2=" " tag="500"><subfield code="a">Editor: Herman Atwill, &lt;1831&gt;.</subfield></datafield><datafield ind1=" " ind2=" " tag="588"><subfield code="a">Description based on: Nov. 19, 1831.</subfield></datafield><datafield ind1="1" ind2=" " tag="700"><subfield code="a">Atwill, Herman.</subfield></datafield><datafield ind1=" " ind2=" " tag="752"><subfield code="a">United States</subfield><subfield code="b">Massachusetts</subfield><subfield code="c">Middlesex</subfield><subfield code="d">Concord.</subfield></datafield><datafield ind1="0" ind2="0" tag="780"><subfield code="t">Yeoman's gazette (Concord, Mass. : 1826)</subfield><subfield code="w">(DLC)sn 83020220</subfield></datafield><datafield ind1="0" ind2="0" tag="785"><subfield code="t">Yeoman's gazette (Concord, Mass. : 1833)</subfield><subfield code="w">(DLC)sn 83020222</subfield></datafield></record>